<?xml version="1.0" encoding="UTF-8"?><collection xmlns="http://www.loc.gov/MARC21/slim"><record><leader>00407nam--2200133-i-4500</leader><controlfield tag="001">000014989</controlfield><controlfield tag="002">20161230</controlfield><controlfield tag="005">20161230201031</controlfield><controlfield tag="008">060222s1000------------r-----000-0-eng-d</controlfield><datafield ind1=" " ind2=" " tag="080"><subfield code="a">628:541.182.12</subfield></datafield><datafield ind1=" " ind2=" " tag="100"><subfield code="a">Appelbaum, Samuel B</subfield></datafield><datafield ind1=" " ind2=" " tag="245"><subfield code="a">Demineralization by ion exchange. in water treatment and chemical processing of other liquids</subfield></datafield><datafield ind1=" " ind2=" " tag="260"><subfield code="a">New York, Academic Press, 1968 Xiv + 389 P</subfield></datafield><datafield ind1=" " ind2=" " tag="852"><subfield code="a">75304</subfield></datafield></record></collection>